<collection xmlns="http://www.loc.gov/MARC21/slim"><record><leader>00716nam  2200217   450</leader><controlfield tag="001">287</controlfield><controlfield tag="003">http://montalegre.opacnet.com/OPAC/default.aspx?ContentAreaControl=ShowRegHoldings.ascx&amp;RegNo=16662</controlfield><datafield tag="095" ind1=" " ind2=" "><subfield code="a">PTBN00278452</subfield></datafield><datafield tag="100" ind1=" " ind2=" "><subfield code="a">19760701d1976    m  y0pora010305  ba</subfield></datafield><datafield tag="101" ind1="1" ind2=" "><subfield code="a">por</subfield><subfield code="c">fre</subfield></datafield><datafield tag="102" ind1=" " ind2=" "><subfield code="a">PT</subfield></datafield><datafield tag="200" ind1="1" ind2=" "><subfield code="a">&lt;A &gt;rua da cabeça perdida</subfield><subfield code="f">Jean Ray</subfield><subfield code="g">trad. Madalena Cunha Matos</subfield></datafield><datafield tag="210" ind1=" " ind2=" "><subfield code="a">Lisboa</subfield><subfield code="c">Estampa</subfield><subfield code="d">1976</subfield></datafield><datafield tag="215" ind1=" " ind2=" "><subfield code="a">120, [5]</subfield><subfield code="d">18 cm</subfield></datafield><datafield tag="225" ind1="2" ind2=" "><subfield code="a">Harry Dickson</subfield><subfield code="v">5</subfield></datafield><datafield tag="304" ind1=" " ind2=" "><subfield code="a">Tít. orig. : La rue de la tête-perdue</subfield></datafield><datafield tag="675" ind1=" " ind2=" "><subfield code="a">821</subfield><subfield code="v">BN</subfield><subfield code="z">por</subfield></datafield><datafield tag="700" ind1=" " ind2="1"><subfield code="a">Ray</subfield><subfield code="b">Jean</subfield><subfield code="f">1887-1964</subfield></datafield><datafield tag="702" ind1=" " ind2="1"><subfield code="a">Matos</subfield><subfield code="b">Madalena Cunha</subfield><subfield code="4">730</subfield></datafield><datafield tag="801" ind1=" " ind2="0"><subfield code="a">PT</subfield><subfield code="b">Biblioteca Municipal de Montalegre</subfield><subfield code="g">RPC</subfield></datafield><datafield tag="856" ind1=" " ind2=" "><subfield code="u">locateMedia.asp?cod=20060511104828&amp;ext=jpg</subfield><subfield code="z">CAPA</subfield></datafield><datafield tag="909" ind1="&#9;" ind2=" "><subfield code="a">1</subfield></datafield><datafield tag="966" ind1=" " ind2=" "><subfield code="a">0008488</subfield><subfield code="l">BMM</subfield><subfield code="s">SCG 821 RAY rua 5</subfield></datafield></record></collection>